@book{itcC,
    title={International Tables for Crystallography},
    editor={E. Prince},
    isbn={978-1-4020-1900-5},
    year={2006},
    publisher={Springer}
}

