@article{quartz,
author = "Machatschki, F.",
title = "\textgerman{Kristallstruktur von Tiefquarz}",
journal = "\textgerman{Fortschritte der Mineralogie}",
pages = "45 -- 47",
volume = "20",
year = "1936"
}

@article{microcline,
author = "Brown, B.E. and Bailey, Y.W.",
title = "\textenglish{The structure of maximum microcline}",
journal = "\textenglish{Acta Crystallographica (1,1948-23,1967)}",
pages = "1391 -- 1400",
volume = "17",
year = "1964"
}
